<?xml version="1.0" encoding="UTF-8"?><collection xmlns="http://www.loc.gov/MARC21/slim"><record><leader>00485nam--2200133-i-4500</leader><controlfield tag="001">000029304</controlfield><controlfield tag="002">20161230</controlfield><controlfield tag="005">20161230201037</controlfield><controlfield tag="008">060222s1000------------r-----000-0-eng-d</controlfield><datafield ind1=" " ind2=" " tag="080"><subfield code="a">621.039.003</subfield></datafield><datafield ind1=" " ind2=" " tag="100"><subfield code="a">Lewis, W.B</subfield></datafield><datafield ind1=" " ind2=" " tag="245"><subfield code="a">The triangle of economics, technology and taw. dinner speech presentation at the international conference of the canadian nuclear association, montreal, canada, may 27-29, 1963</subfield></datafield><datafield ind1=" " ind2=" " tag="260"><subfield code="a">Montreal, Canadian Nuclear Association, 1963, 13p</subfield></datafield><datafield ind1=" " ind2=" " tag="852"><subfield code="a">23741</subfield></datafield></record></collection>